@online{awsWasIstFlutter,
  title = {Was ist Flutter? – Flutter-App erklärt – AWS},
  shorttitle = {Was ist Flutter?},
  author = {{AWS}},
  url = {https://aws.amazon.com/de/what-is/flutter/},
  urldate = {2023-07-28},
  abstract = {Finden Sie heraus, was Flutter ist und wie Sie Amazon Web Services für Flutter verwenden},
  langid = {ngerman},
  organization = {{Amazon Web Services, Inc.}},
  file = {C\:\\Users\\hanne\\Zotero\\storage\\WTW25S8P\\flutter.html}
}

@online{dartDartOverview,
  title = {Dart Overview},
  author = {{Dart}},
  url = {https://dart.dev/overview.html},
  urldate = {2023-07-28},
  abstract = {A short introduction to Dart},
  langid = {english},
  file = {C\:\\Users\\hanne\\Zotero\\storage\\S2FGKBUX\\overview.html}
}

@software{yolov5,
  title = {{{YOLOv5}} by Ultralytics},
  author = {Jocher, Glenn},
  date = {2020},
  doi = {10.5281/zenodo.3908559},
  url = {https://github.com/ultralytics/yolov5},
  orcid = {0000-0001-5950-6979},
  version = {7.0}
}

@online{anfahrt,
 year = {29.07.2023},
 title = {Anfahrt :: Hochschule Coburg},
 url = {https://www.hs-coburg.de/anfahrt.html},
 urldate = {29.07.2023}
}


@online{HSCoburgZahlen,
 abstract = {Zahlen, Daten und Fakten zur Hochschule Coburg mit Studierendenzahlen, Personalzahlen und Haushaltszahlen, z.B. Drittmittel, Ausgaben.},
 year = {29.07.2023},
 title = {Hochschule Coburg in Zahlen :: Hochschule Coburg},
 url = {https://www.hs-coburg.de/ueber-uns/zahlen-daten-fakten.html},
 urldate = {29.07.2023}
}


@online{jetson,
 abstract = {Eingebettete Lösungen für Drohnen, UAVs, autonome Robotik, mobile medizinische Bildgebung und intelligente Videoanalysen. NVIDIA Jetson ist die weltweit führende KI-Computing-Plattform für GPU-beschleunigte parallele Datenverarbeitung in eingebetteten mobilen Systemen. Jetson liefert extrem schnelle und gleichzeitig energiesparende Rechenleistung für Deep Learning und Computer Vision und ist damit die ideale Plattform für rechenintensive eingebettete Projekte.},
 author = {NVIDIA},
 year = {27.07.2023},
 title = {Eingebettete Systeme von NVIDIA für autonome Maschinen der nächsten Generation},
 url = {https://www.nvidia.com/de-de/autonomous-machines/embedded-systems/},
 urldate = {29.07.2023}
}


@online{parkhaus,
 abstract = {Das Parken am Campus Friedrich Streib war lange ein Abenteuer. Seit dem Wintersemester 2016/2017 hat dies ein Ende, als das Parkdeck mit 530 Parkplätzen fertiggestellt wurde.},
 author = {guidemate},
 year = {29.07.2023},
 title = {Parkhaus , Campus Friedrich Streib - Hochschule Coburg - Audioguide bei guidemate},
 url = {https://guidemate.com/station/Parkhaus-60d9b6bb355bd50c936d0f73?selectedGuideLocale=de},
 urldate = {29.07.2023}
}


@online{pi3,
 abstract = {1.4GHz 64-bit quad-core processor, dual-band wireless LAN, Bluetooth 4.2/BLE, faster Ethernet, and Power-over-Ethernet support (with separate PoE HAT)},
 author = {Ltd, Raspberry Pi},
 year = {28.07.2023},
 title = {Buy a Raspberry Pi 3 Model B+ – Raspberry Pi},
 url = {https://www.raspberrypi.com/products/raspberry-pi-3-model-b-plus/},
 urldate = {29.07.2023}
}

@online{piCAM,
 abstract = {Die Raspberry Pi HD-Kameraplatine (High Definition) kann an alle Raspberry Pi- oder Rechenmodule angeschlossen werden, sodass Sie HD-Videos und...},
 author = {Name=,  meta},
 year = {29.07.2023},
 title = {Raspberry Pi Camera Module 8MP v2},
 url = {https://www.berrybase.de/raspberry-pi-camera-module-8mp-v2?c=341},
 urldate = {29.07.2023}
}

@online{PiCamPIC,
 abstract = {Raspberry Pi Camera HD v2 8MPx - Original Kamera für Raspberry Pi - Videos im besten Stil aufnehmen! Überprüfen Sie die Details des Angebots auf botland.com.pl.},
 year = {29.07.2023},
 title = {Raspberry Pi Camera HD v2 8MPx - Originalkamera für Raspberry Pi},
 url = {https://botland.de/kameras-fur-raspberry-pi/6124-raspberry-pi-camera-hd-v2-8mpx-originalkamera-fur-raspberry-pi-652508442112.html},
 urldate = {29.07.2023}
}

@online{tinkerBoard,
 year = {29.07.2023},
 title = {Tinker Board - AIoT {\&} Industrial Solution - ASUS Deutschland},
 url = {https://www.asus.com/de/networking-iot-servers/aiot-industrial-solutions/all-series/tinker-board/},
 urldate = {29.07.2023}
}
